@inproceedings{rawat2016evaluating,
  title={Evaluating and exploring the MYO ARMBAND},
  author={Rawat, Seema and Vats, Somya and Kumar, Praveen},
  booktitle={2016 International Conference System Modeling \& Advancement in Research Trends (SMART)},
  pages={115--120},
  year={2016},
  organization={IEEE}
}

@inproceedings{benalcazar2017hand,
  title={Hand gesture recognition using machine learning and the Myo armband},
  author={Benalc{\'a}zar, Marco E and Jaramillo, Andr{\'e}s G and Zea, A and P{\'a}ez, Andr{\'e}s and Andaluz, V{\'\i}ctor Hugo and others},
  booktitle={2017 25th European Signal Processing Conference (EUSIPCO)},
  pages={1040--1044},
  year={2017},
  organization={IEEE}
}

@inproceedings{benalcazar2017real,
  title={Real-time hand gesture recognition using the Myo armband and muscle activity detection},
  author={Benalc{\'a}zar, Marco E and Motoche, Cristhian and Zea, Jonathan A and Jaramillo, Andr{\'e}s G and Anchundia, Carlos E and Zambrano, Patricio and Segura, Marco and Palacios, Freddy Benalc{\'a}zar and P{\'e}rez, Mar{\'\i}a},
  booktitle={2017 IEEE second Ecuador technical chapters meeting (ETCM)},
  pages={1--6},
  year={2017},
  organization={IEEE}
}

@inproceedings{aho2011automated,
  title={Automated Java GUI modeling for model-based testing purposes},
  author={Aho, Pekka and Menz, Nadja and R{\"a}ty, Tomi and Schieferdecker, Ina},
  booktitle={2011 Eighth International Conference on Information Technology: New Generations},
  pages={268--273},
  year={2011},
  organization={IEEE}
}

@inproceedings{ierusalimschy2007evolution,
  title={The evolution of Lua},
  author={Ierusalimschy, Roberto and de Figueiredo, Luiz Henrique and Celes, Waldemar},
  booktitle={Proceedings of the third ACM SIGPLAN conference on History of programming languages},
  pages={2--1},
  year={2007}
}

@book{ierusalimschy2006programming,
  title={Programming in lua},
  author={Ierusalimschy, Roberto},
  year={2006},
  publisher={Roberto Ierusalimschy}
}

@inproceedings{mehta2002voice,
  title={Voice recognition},
  author={Mehta, Amit},
  booktitle={PACS},
  pages={281--302},
  year={2002},
  organization={Springer}
}

@article{perrachione2011human,
  title={Human voice recognition depends on language ability},
  author={Perrachione, Tyler K and Del Tufo, Stephanie N and Gabrieli, John DE},
  journal={Science},
  volume={333},
  number={6042},
  pages={595--595},
  year={2011},
  publisher={American Association for the Advancement of Science}
}

@article{yasen2019systematic,
  title={A systematic review on hand gesture recognition techniques, challenges and applications},
  author={Yasen, Mais and Jusoh, Shaidah},
  journal={PeerJ Computer Science},
  volume={5},
  pages={e218},
  year={2019},
  publisher={PeerJ Inc.}
}

@incollection{juneau2010gui,
  title={GUI Applications},
  author={Juneau, Josh and Baker, Jim and Ng, Victor and Soto, Leo and Wierzbicki, Frank},
  booktitle={The Definitive Guide To Jython},
  pages={347--357},
  year={2010},
  publisher={Springer}
}

@article{guna2014analysis,
  title={An analysis of the precision and reliability of the leap motion sensor and its suitability for static and dynamic tracking},
  author={Guna, Jo{\v{z}}e and Jakus, Grega and Poga{\v{c}}nik, Matev{\v{z}} and Toma{\v{z}}i{\v{c}}, Sa{\v{s}}o and Sodnik, Jaka},
  journal={Sensors},
  volume={14},
  number={2},
  pages={3702--3720},
  year={2014},
  publisher={Multidisciplinary Digital Publishing Institute}
}

@article{motion2015leap,
  title={Leap motion},
  author={Motion, Leap},
  journal={San Francisco, CA, USA},
  year={2015}
}

@article{naressi2001java,
  title={Java-based graphical user interface for MRUI, a software package for quantitation of in vivo/medical magnetic resonance spectroscopy signals},
  author={Naressi, A and Couturier, Chantal and Castang, I and De Beer, R and Graveron-Demilly, Danielle},
  journal={Computers in biology and medicine},
  volume={31},
  number={4},
  pages={269--286},
  year={2001},
  publisher={Elsevier}
}

@article{andersson2015space,
  title={Space invaders},
  author={Andersson, Axel and Gustavsson, John and Skarler, Victor and Gruian, Flavius},
  year={2015}
}

@book{fernandez2020space,
  title={Space invaders},
  author={Fern{\'a}ndez Silanes, Nona},
  volume={771},
  year={2020},
  publisher={Fondo de Cultura Economica}
}

